<?xml version="1.0" encoding="UTF-8"?><collection xmlns="http://www.loc.gov/MARC21/slim"><record><leader>00406nam--2200133-i-4500</leader><controlfield tag="001">000010360</controlfield><controlfield tag="002">20161230</controlfield><controlfield tag="005">20161230201028</controlfield><controlfield tag="008">060222s1000------------r-----000-0-eng-d</controlfield><datafield ind1=" " ind2=" " tag="080"><subfield code="a">621.039.52.034.3</subfield></datafield><datafield ind1=" " ind2=" " tag="245"><subfield code="a">Agn. army gas-cooled  reactor systems program ml-1a shield optimization study</subfield></datafield><datafield ind1=" " ind2=" " tag="260"><subfield code="a">San Ramon, California, Aerojet-general Nucle- Onics, 1965 Vii+78 P.+app</subfield></datafield><datafield ind1=" " ind2=" " tag="490"><subfield code="a">412</subfield></datafield><datafield ind1=" " ind2=" " tag="852"><subfield code="a">29126</subfield></datafield></record></collection>